@book{libro:1,
	publisher = {Hindustan Book Agency},
	author = {Tao, Terence},
	title = {Analysis},
	year = {2006},
	volume = {I},
	edition = {3},
	pages = {123--200},
	month = {January}
}

%@article{article_key,
	address = {City},
	publisher = {Publisher},
	author = {Smith, James},
	title = {Article title},
	year = {2013},
	volume = {14},
	number = {6},
	pages = {1--8},
	month = {March}
}
